@book{Theodoridis:2008:PRF:1457541,
 author = {Theodoridis, Sergios and Koutroumbas, Konstantinos},
 title = {Pattern Recognition, Fourth Edition},
 year = {2008},
 isbn = {1597492728, 9781597492720},
 edition = {4th},
 publisher = {Academic Press},
} 

@misc{teodora2011background,
  title={Background subtraction via compressive sensing for automatic object detection},
  author={Anon, A.},
  year={2011}
}

@misc{benton2008background,
  title = {Background Subtraction},
  author = {Benton, S.},
  year = {2008},
  howpublished = {\url{http://www.eetimes.com/design/military-aerospace-design/4017685/Background-subtraction-part-1-MATLAB-models?pageNumber=0}},
  note = {Accessed: 12/07/2012}
}

@misc{pets2001,
title = {PETS: Performance Evaluation of Tracking and Surveillance},
author = {vision@Reading},
howpublished = {\url{http://www.cvg.rdg.ac.uk/slides/pets.html}},
note = {Online. Accessed: 29/05/2013}
}

@misc{piccardi2004background,
  title = {Background subtraction techniques: a review},
  author = {Piccardi, M.},
  year = {2004},
  howpublished = {\url{http://www-staff.it.uts.edu.au/~massimo/BackgroundSubtractionReview-Piccardi.pdf}}
}


@misc{toyama1999wallflower,
  title = {Wallflower Dataset},
  author = {Toyama, M. and Krumm, J. and Meyers, B.},
  year = {1999},
  howpublished = {\url{ http://research.microsoft.com/en-us/um/people/jckrumm/wallflower/testimages.htm}}
}

@misc{carron2013big,
  title = {Compressive Sensing: The Big Picture},
  author = {Carron, I.},
  year = 2013,
  howpublished = {\url{ https://sites.google.com/site/igorcarron2/cs#reconstruction}}
}

@book{boyd2004convex,
  title={Convex Optimization},
  author={Boyd, Stephen P and Vandenberghe, Lieven},
  year={2004},
  publisher={Cambridge Univ Press}
}

@book{eldar2012compressed,
  title={Compressed sensing: theory and applications},
  author={Eldar, Yonina C and Kutyniok, Gitta},
  year={2012},
  publisher={Cambridge University Press}
}

@book{mallat1999wavelet,
  title={A wavelet tour of signal processing},
  author={Mallat, St{\'e}phane},
  year={1999},
  publisher={Access Online via Elsevier}
}